<?xml version="1.0" encoding="UTF-8"?><collection xmlns="http://www.loc.gov/MARC21/slim"><record><leader>00449nam--2200169-i-4500</leader><controlfield tag="001">000002512</controlfield><controlfield tag="002">20161230</controlfield><controlfield tag="005">20161230201025</controlfield><controlfield tag="008">060222s1000------------r-----000-0-eng-d</controlfield><datafield ind1=" " ind2=" " tag="040"><subfield code="a">IFIN-HH</subfield></datafield><datafield ind1=" " ind2=" " tag="080"><subfield code="a">539.12.162.8(0430</subfield></datafield><datafield ind1="1" ind2=" " tag="100"><subfield code="a">Decamp, Daniel</subfield></datafield><datafield ind1="1" ind2="0" tag="245"><subfield code="a">The ratio ga gv in the decay</subfield><subfield code="b">These</subfield><subfield code="c">Daniel decamp</subfield></datafield><datafield ind1=" " ind2=" " tag="260"><subfield code="a">Orsay</subfield><subfield code="b">Faculte Des Science D`Orsay</subfield><subfield code="c">1976</subfield></datafield><datafield ind1=" " ind2=" " tag="300"><subfield code="a">5P</subfield></datafield><datafield ind1=" " ind2=" " tag="852"><subfield code="a">46393</subfield><subfield code="c">539.12</subfield></datafield><datafield ind1=" " ind2=" " tag="CAT"><subfield code="a">Sys</subfield><subfield code="c">20111206</subfield><subfield code="h">085931</subfield></datafield></record></collection>